@INPROCEEDINGS{73431,
 author = {McKenna, M. and O'Rourke, J.},
 title = {Arrangements of lines in 3-space: a data structure with applications},
 booktitle = {SCG '88: Proceedings of the fourth annual symposium on Computational geometry},
 year = {1988},
 isbn = {0-89791-270-5},
 pages = {371--380},
 location = {Urbana-Champaign, Illinois, United States},
 doi = {http://doi.acm.org/10.1145/73393.73431},
 publisher = {ACM},
 address = {New York, NY, USA},
 }

@article {springerlink:10.1007/s00454-005-1183-1,
   author = {Brönnimann, H. and Everett, H. and Lazard, S. and Sottile, F. and Whitesides, S.},
   affiliation = {Department of Computer and Information Science, Polytechnic University, Brooklyn, NY 11201 USA},
   title = {Transversals to Line Segments in Three-Dimensional Space},
   journal = {Discrete and Computational Geometry},
   publisher = {Springer New York},
   issn = {0179-5376},
   keyword = {Mathematics and Statistics},
   pages = {381-390},
   volume = {34},
   issue = {3},
   url = {http://dx.doi.org/10.1007/s00454-005-1183-1},
   note = {10.1007/s00454-005-1183-1},
   year = {2005}
}

@article{TellerHohmeyer99,
  author = "Seth Teller and Michael Hohmeyer",
  title = "Determining the Lines Through Four Lines",
  journal = "journal of graphics, gpu, and game tools",
  volume = "4",
  number = "3",
  pages = "11-22",
  year = "1999",
}


@phdthesis{J-Redburn-03,
  author      = {J. Redburn},
  title       = {Robust computation of the non-obstructed line segments
                 tangent to four amongst n triangles},
  school      = {Williams College, Massachusetts},
  year        = {2003}
}

@misc{cgal-home,
  title       = {The {C}omputational Geometry Algorithm Library
                (\textsc{Cgal}) homepage},
  note        = {\url{http://www.cgal.org}}
}

@INPROCEEDINGS{Everett08onthe,
    author = {Hazel Everett and Sylvain Lazard and William Lenhart and Jeremy Redburn and Linqiao Zhang},
    title = {On the degree of standard geometric predicates for line transversals},
    booktitle = {in 3D. Comput. Geom.: Theory and App},
    year = {2008}
}

@article{Cole198911,
title = "Visibility problems for polyhedral terrains",
journal = "Journal of Symbolic Computation",
volume = "7",
number = "1",
pages = "11 - 30",
year = "1989",
note = "",
issn = "0747-7171",
doi = "DOI: 10.1016/S0747-7171(89)80003-3",
url = "http://www.sciencedirect.com/science/article/B6WM7-4S7KB0B-3/2/62eda9fb93af48b18bc2acee6235101b",
author = "Richard Cole and Micha Sharir"
}

@inproceedings{wfzh-aptaca-05,
  author      = {Ron Wein and Efi Fogel and Baruch Zukerman and Dan Halperin},
  title       = {Advanced Programming Techniques Applied to {C}{\sc gal}'s
                 Arrangement Package},
  booktitle   = {Library-Centric Software Design Workshop (LCSD'05),
                 part of OOPSLA},
  site        = {San Diego},
  year        = {2005},
  note        = {Available online at
                 {\tt http://lcsd05.cs.tamu.edu/\#program}.
		 To appear in } # JOUR-CGTA # {.}
}


@inproceedings{fwh-cfpeg-04,
  author      = {Efi Fogel and Ron Wein and Dan Halperin},
  title       = {Code Flexibility and Program Efficiency by Genericity:
                 Improving \textsc{Cgal}'s Arrangements},
  booktitle   = proc # {$12^{th}$} # annual # SYM-ESA,
  series      = SER-LNCS,
  volume      = {3221},
  year        = {2004},
  pages       = {664--676}
}

@article{deBerg199869,
title = "The union of moving polygonal pseudodiscs -- Combinatorial bounds and applications",
journal = "Computational Geometry",
volume = "11",
number = "2",
pages = "69 - 81",
year = "1998",
note = "",
issn = "0925-7721",
doi = "DOI: 10.1016/S0925-7721(98)00020-0",
url = "http://www.sciencedirect.com/science/article/B6TYS-3VTHCM9-2/2/2f9a4153ecdd1cf20a509357b4f69b2e",
author = "Mark de Berg and Hazel Everett and Leonidas J. Guibas"
}

@article{Devillers06linesand,
    author = {Herve Bronnimann and Olivier Devillers and Vida Dujmovic and Hazel Everett and Marc Glisse and Xavier Goaoc and Sylvain Lazard and Hyeon-suk Na},
    title = {Lines and free line segments tangent to arbitrary three-dimensional convex polyhedra},
    journal = {SIAM Journal on Computing},
    year = {2006},
    volume = {2006},
    pages = {00103916}
}

@inproceedings{1810969,
 author = {Glisse, Marc and Lazard, Sylvain},
 title = {On the complexity of sets of free lines and line segments among balls in three dimensions},
 booktitle = {SoCG '10: Proceedings of the 2010 annual symposium on Computational geometry},
 year = {2010},
 isbn = {978-1-4503-0016-2},
 pages = {48--57},
 location = {Snowbird, Utah, USA},
 doi = {http://doi.acm.org/10.1145/1810959.1810969},
 publisher = {ACM},
 address = {New York, NY, USA},
 }

%%%%%%%%%%%%%%%%%%%%%%%%%%%%%%%

@book{a-gps-99,
  author      = {Matthew H. Austern},
  title       = {Generic Programming and the \textsc{Stl}},
  publisher   = PUB-AW,
  year        = {1999}
}

@book{a-mcd-01,
  author      = {Andrei Alexandrescu},
  title       = {Modern {C++} Design: Generic Programming And Design Patterns
                 Applied},
  year        = {2001},
  publisher   = PUB-AW,
  address     = {Boston, MA, USA},
  isbn        = {0-201-70431-5},
}

@article{afh-pdecm-02,
  author      = {Pankaj Kumar Agarwal and Eyal Flato and Dan Halperin},
  title       = {Polygon Decomposition for Efficient Construction of
                 {Minkowski} Sums},
  journal     = JOUR-CGTA,
  publisher   = PUB-ELSEVIER,
  volume      = {21},
  year        = {2002},
  pages       = {39--61}
}

@article{afrw-mcsrs-98,
  author    = {Helmut Alt and
               Ulrich Fuchs and
               G{\"u}nter Rote and
               Gerald Weber},
  title     = {Matching Convex Shapes with Respect to the Symmetric Difference},
  journal   = {Algorithmica},
  volume    = {21},
  number    = {1},
  year      = {1998},
  pages     = {89-103},
  bibsource = {DBLP, http://dblp.uni-trier.de}
}

@inproceedings{ahns-cofar-08,
  author      = {Noga Alon and Dan Halperin and Oren Nechushtan and
                 Micha Sharir},
  title       = {The complexity of the outer face in arrangements of random
                 segments},
  booktitle   = proc # {$24^{th}$} # annual # SYM-ACM-SCG,
  publisher   = PUB-ACM,
  year        = {2008},
  pages       = {69-78},
}

@incollection{aps-sugor-08,
  author      = {Pankaj Agarwal and  J{\'a}nos Pach and Micha Sharir},
  title       = {State of the union (of geometric objects): A Review},
  editor      = {Jacob Goodman and J{\'a}nos Pach and Richard Pollack},
  booktitle   = {Computational Geometry: Twenty Years Later},
  publisher   = {American Mathematical Society},
  address     = {Providence},
  year        = {2008},
  pages       = {9-48}
}

@incollection{as-aa-00,
  author      = {Pankaj Kumar Agarwal and Micha Sharir},
  title       = {Arrangements and Their Applications},
  editor      = {J{\"o}rg-R{\"u}diger Sack and Jorge Urrutia},
  booktitle   = BOOK-HCG,
  publisher   = PUB-ELSEVIER,
  address     = {Amsterdam, North-Holland},
  chapter     = {2},
  year        = {2000},
  pages       = {49--119}
}

@article{ass-oleia-96 ,
  author      = {Pankaj Kumar Agarwal and Otfried Schwarzkopf and Micha Sharir},
  title       = {The overlay of lower envelopes and its applications},
  journal     = JOUR-DCG,
  volume      = {15},
  year        = {1996},
  pages       = {1--13}
}

@article{b-mbstu-75,
 author       = {Jon Louis Bentley},
 title        = {Multidimensional binary search trees used for associative
                 searching},
 journal      = COM-ACM,
 volume       = {18},
 number       = {9},
 month        = SEP,
 year         = {1975},
 pages        = {509--517}
}

@article{b-rgsdd-93,
  author      = {Erik Brisson},
  title       = {Representing Geometric Structures in $d$ Dimensions: Topology
                 and Order},
  journal     = JOUR-DCG,
  volume      = {9},
  year        = {1993},
  pages       = {387--426},
}

@article{bbp-iayed-01,
  author      = {Herv{\'e} Br{\"o}nnimann and Christoph Burnikel and
                 Sylvain Pion},
  title       = {Interval Arithmetic Yields Efficient Dynamic Filters for
                 Computational Geometry},
  journal     = JOUR-DAM,
  volume      = {109},
  pages       = {25--47},
  year        = {2001}
}

@article{bdh-abp-99,
  author    = {Karl-Friedrich B{\"o}hringer and
               Bruce Randall Donald and
               Dan Halperin},
  title     = {On the Area Bisectors of a Polygon},
  journal   = {Discrete {\&} Computational Geometry},
  volume    = {22},
  number    = {2},
  year      = {1999},
  pages     = {269-285},
  ee        = {http://link.springer.de/link/service/journals/00454/bibs/22n2p269.html},
  bibsource = {DBLP, http://dblp.uni-trier.de}
}

@inproceedings{behhk-exacus-05,
  author      = {Eric Berberich and Arno Eigenwillig and Michael Hemmer and
                 Susan Hert and Lutz Kettner and Kurt Mehlhorn and
                 Joachim Reichel and Susanne Schmitt and
                 Elmar Sch{\"o}mer and Nicola Wolpert},
  title       = {{E}{\sc xacus}: Efficient and Exact Algorithms for Curves
                 and Surfaces},
  booktitle   = proc # {$13^{th}$} # annual # SYM-ESA,
  series      = SER-LNCS,
  volume      = {3669},
  year        = {2005},
  pages       = {155--166}
}

@inproceedings{behhm-cbcab-02,
  author      = {Eric Berberich and Arno Eigenwillig and Michael Hemmer and
                Susan Hert and Kurt Mehlhorn and Elmar Sch\"{o}mer},
  title       = {A Computational Basis for Conic Arcs and {B}oolean Operations
                 on Conic Polygons},
  booktitle   = proc # {$10^{th}$} # annual # SYM-ESA,
  publisher   = PUB-SV,
  series      = SER-LNCS,
  volume      = {2461},
  pages       = {174--186},
  year        = {2002},
  isbn        = {3-540-44180-8},
  site        = {Roma, Italy},
}

@unpublished{bfhks-apsca-09,
  author      = {Eric Berberich and Efi Fogel and Dan Halperin and
                 Michael Kerber and Ophir Setter},
  title       = {Arrangements on Parametric Surfaces II: Concretizations
                 and Applications},
  journal     = {Accepted to} # JOUR-MCS,
  note        = {Special Issue on Computational Geometry and Computer-Aided
                 Geometric Design},
  year        = {2009}
}

@unpublished{bfhmw-apsgf-09,
  author      = {Eric Berberich and Efi Fogel and Dan Halperin and
                 Kurt Mehlhorn and Ron Wein},
  title       = {Arrangements on Parametric Surfaces I: General Framework
                 and Infrastructure},
  journal     = {Accepted to} # JOUR-MCS,
  note        = {Special Issue on Computational Geometry and Computer-Aided
                 Geometric Design},
  year        = {2009}
}

@inproceedings{bfhmw-scmtd-07,
  author      = {Eric Berberich and Efi Fogel and Dan Halperin and
                 Kurt Mehlhorn and Ron Wein},
  title       = {Sweeping and Maintaining Two-Dimensional Arrangements on
                 Surfaces: A First Step},
  booktitle   = proc # {$15^{th}$} # annual # SYM-ESA,
  year        = {2007},
  pages       = {645--656}
}

@article{bgh-vdt3s-96,
  author      = {Mark de Berg and Leonidas J. Guibas and Dan Halperin},
  title       = {Vertical Decompositions for Triangles in 3-Space},
  journal     = JOUR-DCG,
  volume      = {15},
  number      = {1},
  year        = {1996},
  pages       = {35-61}
}

@inproceedings{bgr-rrbit-96,
  author      = {Julien Basch and Leonidas J. Guibas and G. D. Ramkumar},
  title       = {Reporting red-blue intersections between two sets of
                 connected line segments},
  booktitle   = proc # {$4^{th}$} # annual # SYM-ESA,
  publisher   = PUB-SV,
  series      = SER-LNCS,
  volume      = {1136},
  year        = {1996},
  pages       = {302--319},
  update      = {98.03 mitchell, 97.03 smid}
}

@inproceedings{bhksw-eceic-05,
  author      = {Eric Berberich and Michael Hemmer and Lutz Kettner and
                 Elmar Sch{\"o}mer and Nicola Wolpert},
  title       = {An Exact, Complete and Efficient Implementation for Computing
                 Planar Maps of Quadric Intersection Curves},
  booktitle   = proc # {$21^{st}$} # annual # SYM-ACM-SCG,
  publisher   = PUB-ACM,
  pages       = {99--106},
  year        = {2005},
  site        = {Pisa, Italy},
}

@article{bho-isasr-07,
  author      = {Mark de Berg and Dan Halperin and Mark H. Overmars},
  title       = {An intersection-sensitive algorithm for snap rounding},
  journal     = JOUR-CGTA,
  publisher   = PUB-ELSEVIER,
  volume      = {36},
  number      = {3},
  year        = {2007},
  pages       = {159-165},
}

@article{bk-gcsoc-89,
  author      = {Chandrajit L. Bajaj and Myung-Soo Kim},
  title       = {Generation of Configuration Space Obstacles: The Case of
                 Moving Algebraic Curves},
  journal     = JOUR-ALG,
  volume      = {4},
  number      = {2},
  year        = {1989},
  pages       = {157-172},
}

@book{bkos-cgaa-00,
  author      = {Mark de Berg and Mark van Kreveld and Mark H. Overmars
                 and Otfried Schwarzkopf},
  title       = {Computational Geometry: Algorithms and Applications},
  edition     = {2nd},
  publisher   = PUB-SV,
  address     = {Berlin, Germany},
  year        = {2000}
}

@inproceedings{bks-egtaa-08,
  author      = {Eric Berberich and Michael Kerber and Michael Sagraloff},
  title       = {Exact geometric-topological analysis of algebraic surfaces},
  booktitle   = proc # {$24^{th}$} # annual # SYM-ACM-SCG,
  publisher   = PUB-ACM,
  year        = {2008},
  pages       = {164-173},
}

@inproceedings{blt-mosal-97,
  author      = {Jean-Daniel Boissonnat and Eduard E. de Lange and
                 Monique Teillaud},
  title       = {{M}inkowski operations for satellite antenna layout},
  booktitle   = proc # {$13^{th}$} # annual # SYM-ACM-SCG,
  publisher   = PUB-ACM,
  year        = {1997},
  pages       = {67--76},
  url         = {\url{http://www-sop.inria.fr/prisme/publis/blt-mosal-97.ps.gz}},
  precedes    = {blt-smssa-98}
}

@book{bm-ecgcs-06,
  editor      = {Jean-Daniel Boissonnat and Monique Teillaud},
  title       = {Effective Computational Geometry for Curves and Surfaces},
  publisher   = PUB-SV,
  year        = 2006
}

@article{bo-arcgi-79,
  author      = {Jon Louis Bentley and Thomas Ottmann},
  title       = {Algorithms for Reporting and Counting Geometric Intersections},
  journal     = JOUR-IEEE-TC,
  volume      = {28},
  number      = {9},
  year        = {1979},
  pages       = {643--647}
}

@misc{boost-home,
  title       = {The \textsc{Boost} {C++} Libraries homepage},
  note        = {\url{http://www.boost.org}}
}

@inproceedings{br-eacms-01,
  author      = {Henk Bekker and Jos B. T. M. Roerdink},
  title       = {An Efficient Algorithm to Calculate the {M}inkowski Sum of
                 Convex 3D Polyhedra},
  booktitle   = proc # CON-ICCS,
  series      = SER-LNCS,
  volume      = {2073},
  publisher   = PUB-SV,
  year        = {2001},
  pages       = {619--628}
}

@book{by-ag-98,
  author      = {Jean-Daniel Boissonnat and Mariette Yvinec},
  title       = {Algorithmic Geometry},
  publisher   = PUB-CAMB,
  address     = {Cambridge, UK},
  year        = 1998,
  note        = {Translated by H. Br{\"o}nnimann}
}

@inproceedings{c-egcmp-97,
  author      = {Stephen A. Cameron},
  title       = {Enhancing {GJK}: computing minimum and penetration distances
                 between convex polyhedra},
  booktitle   = proc # CON-IEEE-ICRA,
  month       = APR,
  year        = {1997},
  pages       = {3112--3117}
}

@inproceedings{c-qercf-75,
  author      = {George E. Collins},
  title       = {Quantifier Elimination for Real Closed Fields by Cylindrical
                 Algebraic Decomposition},
  booktitle   = proc # {$2^{nd}$ } # CON-ATFL,
  series      = SER-LNCS,
  volume      = {33},
  publisher   = PUB-SV,
  year        = {1975},
  pages       = {134--183}
}

@inproceedings{cc-dmtdb-86,
  author      = {Stephen A. Cameron and R. K. Culley},
  title       = {Determining the minimum translational distance between two
                 convex polyhedra},
  booktitle   = proc # CON-IEEE-ICRA,
  year        = {1986},
  pages       = {591--596},
  keywords    = {GEOMOD OBSTACLE-AVOID COMPUTATIONAL-GEOMETRY 3D PROXIMITY
                 INTERSECTION CONVEX},
  update      = {98.07 bibrelex},
  annote      = {An algorithm is described to determine the Minimal
                 Translation Distance (MTD) between two polyhedra. One
                 way in which this algorithm differs from others is that
                 it will return a value other than zero if the two
                 objects intersect. This value is the penetration
                 distance and has a negative sign. -WCF}
}

@incollection{cd-ocd-85,
  author      = {Bernard Chazelle and David P. Dobkin},
  title       = {Optimal convex decompositions},
  editor      = {G. T. Toussaint},
  booktitle   = BOOK-CG,
  publisher   = PUB-NH,
  address     = {Amsterdam, North-Holland},
  year        = {1985},
  pages       = {63--133},
  succeeds    = {cd-dpicp-79},
  update      = {98.03 mitchell}
}

@manual{cgal:eb-09,
  title       = BOOK-CGAL-MAN,
  organization = {{C}{\sc gal}},
  editor      = {{C}{\sc gal} Editorial Board},
  edition     = {3.5},
  year        = {2009},
  url         = {\url{http://www.cgal.org/Manual/last/doc_html/cgal_manual/contents.html}}
}

@manual{cgal:fr-cqgvf-09,
  author      = {Andreas Fabri and Laurent Rineau},
  booktitle   = BOOK-CGAL-MAN,
  title       = {\textsc{Cgal} and the \textsc{Qt} Graphics View Framework},
  year        = {2009},
  edition     = {3.5},
  editor      = BOOK-CGAL-EDT,
  url         = {\url{http://www.cgal.org/Manual/last/doc_html/cgal_manual/packages.html#Pkg:GraphicsView}}
}

@manual{cgal:fwzh-rbso2-09,
  author      = {Efi Fogel and Ron Wein and Baruch Zukerman and Dan Halperin},
  booktitle   = BOOK-CGAL-MAN,
  title       = {{2D} Regularized Boolean Set-Operations},
  year        = {2009},
  edition     = {3.5},
  editor      = BOOK-CGAL-EDT,
  url         = {\url{http://www.cgal.org/Manual/last/doc_html/cgal_manual/packages.html#Pkg:BooleanSetOperations2}}
}

@manual{cgal:h-pp2-09,
  author      = {Susan Hert},
  booktitle   = BOOK-CGAL-MAN,
  title       = {{2D} Polygon Partitioning},
  year        = {2009},
  edition     = {3.5},
  editor      = BOOK-CGAL-EDT,
  url         = {\url{http://www.cgal.org/Manual/last/doc_html/cgal_manual/packages.html#Pkg:PolygonPartitioning2}}
}

@manual{cgal:k-hds-09,
  author      = {Lutz Kettner},
  booktitle   = BOOK-CGAL-MAN,
  title       = {Halfedge Data Structures},
  year        = {2009},
  edition     = {3.5},
  editor      = BOOK-CGAL-EDT,
  url         = {\url{http://www.cgal.org/Manual/last/doc_html/cgal_manual/packages.html#Pkg:HDS}}
}

@manual{cgal:k-ps-09,
  author      = {Lutz Kettner},
  booktitle   = BOOK-CGAL-MAN,
  title       = {{3D} Polyhedral Surfaces},
  year        = {2007},
  edition     = {3.5},
  editor      = BOOK-CGAL-EDT,
  url         = {\url{http://www.cgal.org/Manual/last/doc_html/cgal_manual/packages.html#Pkg:Polyhedron}}
}

@manual{cgal:mwz-e3-09,
  author      = {Michal Meyerovitch and Ron Wein and Baruch Zukerman},
  booktitle   = BOOK-CGAL-MAN,
  title       = {{3D} Envelopes},
  year        = {2009},
  edition     = {3.5},
  editor      = BOOK-CGAL-EDT,
  url         = {\url{http://www.cgal.org/Manual/last/doc_html/cgal_manual/packages.html#Pkg:Envelope3}}
}

@manual{cgal:py-tds2-09,
  author      = {Sylvain Pion and Mariette Yvinec},
  booktitle   = BOOK-CGAL-MAN,
  title       = {{2D} Triangulation Data Structure},
  year        = {2009},
  edition     = {3.5},
  editor      = BOOK-CGAL-EDT,
  URL         = {\url{http://www.cgal.org/Manual/last/doc_html/cgal_manual/packages.html#Pkg:TDS2}}
}

@manual{cgal:s-bonp2-09,
  author      = {Michael Seel},
  booktitle   = BOOK-CGAL-MAN,
  title       = {{2D} {B}oolean Operations on Nef Polygons},
  year        = {2009},
  edition     = {3.5},
  editor      = BOOK-CGAL-EDT,
  url         = {\url{http://www.cgal.org/Manual/last/doc_html/cgal_manual/packages.html#Pkg:Nef2}}
}

@manual{cgal:wfzh-a2-09,
  author      = {Ron Wein and Efi Fogel and Baruch Zukerman and Dan Halperin},
  booktitle   = BOOK-CGAL-MAN,
  title       = {{2D} Arrangements},
  year        = {2009},
  edition     = {3.5},
  editor      = BOOK-CGAL-EDT,
  url         = {url{http://www.cgal.org/Manual/last/doc_html/cgal_manual/packages.html#Pkg:Arrangement2}}
}

@article{cgl-pgd-85,
  author      = {Bernard Chazelle and Leonidas J. Guibas and Der-Tsai Lee},
  title       = {The Power of Geometric Duality},
  journal     = JOUR-BIT,
  volume      = {25},
  year        = {1985},
  pages       = {76--90}
}

@incollection{ckr-rd-04,
  author      = {Otfried Cheong and Ketan Mulmuley and Edgar Ramos},
  title       = {Randomization and Derandomization},
  chapter     = {40},
  editor      = {Jacob E. Goodman and Joseph O'Rourke},
  booktitle   = BOOK-HDCG,
  edition     = {2nd},
  publisher   = PUB-CHAP,
  address     = {Boca Raton, FL},
  pages       = {895--926},
  year        = {2004}
}

@book{clhkbkt-prmta-05,
  author      = {Howie Choset and Kevin M. Lynch and Seth Hutchinson and
                 George Kantor and Wolfram  Burgard and Lydia E. Kavraki and
                 Sebastian Thrun},
  title       = {Principles of Robot Motion:
                 Theory, Algorithms, and Implementations},
  publisher   = PUB-MIT,
  year        = {2005},
  address     = {Boston, MA}
}

@article{clkt-icncs-03,
  author      = {Daniel Cohen-Or and Shuly Lev-Yehudi and Adi Karol and
                 Ayellet Tal},
  title       = {Inner-cover of Non-convex Shapes},
  journal     = JOUR-IJSM,
  publisher   = PUB-WS,
  volume      = {9},
  number      = {2},
  pages       = {223--238},
  month       = DEC,
  year        = {2003}
}

@misc{core-home,
  title       = {The \textsc{Core} {N}umber Library homepage},
  note        = {\url{http://cs.nyu.edu/exact/core_pages}}
}

@book{clrs-ia-09,
  title       = "Introduction to Algorithms",
  edition     = {3rd},
  author      = {Thomas H. Cormen and Charles E. Leiserson and
                 Ronald L. Rivest and Cliff Stein},
  year        = {2009},
  publisher   = PUB-MIT
}

@inproceedings{cpt-eeccc-07,
  author      = {Pedro M. M. de Castro and Sylvain Pion and Monique Teillaud},
  title       = {Exact and efficient computations on circles in {C}{\sc gal}},
  booktitle   = abstracts # {$23^{rd}$ } # WOR-EWCG,
  pages       = {219--222},
  year        = {2007},
  site        = {Graz, Austria},
}

@article{cy-lbhn-02,
  author       = {Francesc Comellas and J. Luis A. Yebra},
  title        = {New Lower Bounds for Heilbronn Numbers.},
  journal      = JOUR-EJC,
  number       = {1},
  volume       = {9},
  year         = {2002},
  url          = {\url{http://dblp.uni-trier.de/db/journals/combinatorics/combinatorics9.html#ComellasY02}},
  ee           = {http://www.combinatorics.org/Volume_9/Abstracts/v9i1r6.html}
}

@article{dfmt-epcaa-02,
  author      = {Olivier Devillers and Alexandra Fronville and Bernard
                 Mourrain and Monique Teillaud},
  title       = {Algebraic Methods and Arithmetic Filtering for Exact
                 Predicates on Circle Arcs},
  journal     = JOUR-CGTA,
  publisher   = PUB-ELSEVIER,
  year        = {2002},
  volume      = {22},
  number      = {1--3},
  pages       = {119--142}
}

@article{dg-iorbo-06,
  author      = {Olivier Devillers and Philippe Guigue},
  title       = {Inner and outer rounding of Boolean operations on lattice
                 polygonal regions},
  journal     = JOUR-CGTA,
  publisher   = PUB-ELSEVIER,
  volume      = {33},
  number      = {1-2},
  year        = {2006},
  pages       = {3-17},
}

@techreport{dhh-sesdtm-01,
  author      = {Duong Anh Duc and Nguyen Dong Ha and Lethi Thuy Hang},
  title       = {Proposing a Model to Store and a Method to Edit Spatial Data
                 in Topological Maps},
  institution = {Ho Chi Minh University of Natural Sciences},
  year        = {2001},
  address     = {Ho Chi Minh City, Vietnam}
}

@article{dhks-cidp-93,
  author      = {David P. Dobkin and John Hershberger and
                 David G. Kirkpatrick and S. Suri},
  title       = {Computing the intersection-depth of polyhedra},
  journal     = JOUR-ALG,
  volume      = {9},
  year        = {1993},
  pages       = {518--533},
  update      = {98.03 mitchell, 96.05 ramkumar}
}

@inproceedings{dk-dsppu-90,
  author      = {David P. Dobkin and David G. Kirkpatrick},
  title       = {Determining the separation of preprocessed polyhedra --
                 a unified approach},
  booktitle   = proc # {$17^{th}$ } # COL-ICALP,
  series      = SER-LNCS,
  volume      = {443},
  publisher   = PUB-SV,
  year        = {1990},
  pages       = {400--413},
  update      = {97.11 bibrelex}
}

@inproceedings{dlm-fdpl-99,
  author      = {Luc Devroye Christophe and Christophe Lemaire and
                 Jean-michel Moreau},
  title       = {Fast {Delaunay} Point-Location with Search Structures},
  booktitle   = proc # {$11^{th}$ } # CON-CCCG,
  year        = {1999},
  pages       = {136--141}
}

@article{dmz-npldt-98,
 author       = {Luc Devroye and Ernst Peter M{\"u}cke and Binhai Zhu},
 title        = {A Note on Point Location in {Delaunay} Triangulations of
                 Random Points},
 journal      = JOUR-ALG,
 volume       = {22},
 year         = {1998},
 pages        = {477--482}
}

@article{dpt-wt-02,
 author       = {Olivier Devillers and Sylvain Pion and Monique Teillaud},
 title        = {Walking in a triangulation},
 journal      = JOUR-IJFCS,
 year         = {2002},
 volume       = {13},
 pages        = {181--199}
}

@book{e-acg-87,
  author      = {Herbert Edelsbrunner},
  title       = {Algorithms in Combinatorial Geometry},
  publisher   = PUB-SV,
  address     = {Berlin, Germany},
  year        = {1987},
  keywords    = {design of algorithms, discrete geometry, book}
}



@article{ehs-suicu-04,
  author      = {Eti Ezra and Dan Halperin and Micha Sharir},
  title       = {Speeding up the incremental construction of the union of
                 geometric objects in practice},
  journal     = JOUR-CGTA,
  volume      = {27},
  number      = {1},
  year        = {2004},
  pages       = {63-85},
  ee          = {http://dx.doi.org/10.1016/j.comgeo.2003.07.006},
  bibsource   = {DBLP, http://dblp.uni-trier.de}
}

@inproceedings{ek-eeaaa-08,
  author      = {Arno Eigenwillig and Michael Kerber},
  title       = {Exact and efficient {2D}-arrangements of arbitrary algebraic
                curves},
  booktitle   = proc # {$19^{th}$} # annual # SYM-SODA,
  year        = {2008},
  pages       = {122--131},
  location    = {San Francisco, California},
  publisher   = PUB-SIAM,
  address     = {Philadelphia, PA, USA},
}

@article{ek-osms-99,
  author      = {Gershon Elber and Myung-Soo Kim},
  title       = {Offsets, sweeps, and Minkowski sums},
  journal     = JOUR-CAD,
  volume      = {31},
  number      = {3},
  year        = {1999},
  pages       = {163},
  ee          = {http://dx.doi.org/10.1016/S0010-4485(99)00012-3},
  bibsource   = {DBLP, http://dblp.uni-trier.de}
}

@inproceedings{ekptt-tock-04,
  author      = {Ioannis Z. Emiris and Athanasios Kakargias and
                 Sylvain Pion and Monique Teillaud and Elias P. Tsigaridas},
  title       = {Towards an Open Curved Kernel},
  booktitle   = proc # {$20^{th}$} # annual # SYM-ACM-SCG,
  publisher   = PUB-ACM,
  year        = {2004},
  pages       = {438--446}
}

@inproceedings{ekptt-tpck-04,
  author      = {Ioannis Z. Emiris and Athanasios Kakargias and
                 Sylvain Pion and Monique Teillaud and Elias P. Tsigaridas},
  title       = {Towards and open curved kernel},
  booktitle   = proc # {$20^{th}$} # annual # SYM-ACM-SCG,
  publisher   = PUB-ACM,
  pages       = {438--446},
  year        = {2004},
  site        = {Brooklyn, NY, USA},
  isbn        = {1-58113-885-7},
  doi         = {http://doi.acm.org/10.1145/997817.997882},
}

@inproceedings{eksw-ceecc-04,
  author      = {Arno Eigenwillig and Lutz Kettner and Elmar Sch{\"o}mer and
                 Nicola Wolpert},
  title       = {Complete, Exact and Efficient Computations with Cubic Curves},
  booktitle   = proc # {$20^{th}$} # annual # SYM-ACM-SCG,
  publisher   = PUB-ACM,
  pages       = {409--418},
  year        = {2004},
  site        = {Brooklyn, NY, USA},
}

@INPROCEEDINGS{ekw-srbc-07,
  author      = {Eigenwillig, Arno and Kettner, Lutz and Wolpert, Nicola},
  title       = {Snap rounding of {B}{\'e}zier curves},
  booktitle   = proc # {$23^{rd}$} # annual # SYM-ACM-SCG,
  publisher   = PUB-ACM,
  year        = {2007},
  pages       = {158--167},
  address     = {Gyeongju, South Korea},
}

@inproceedings{el-afpqb-01,
  author      = {S. A. Ehmann and M. C. Lin},
  title       = {Accurate and Fast Proximity Queries Between Polyhedra Using
                 Convex Surface Decomposition},
  booktitle   = proc # CON-EUROG,
  volume      = {20},
  number      = {3},
  year        = {2001},
  pages       = {500--510}
}

@inproceedings{el-apqcp-00,
  author      = {Stephen A. Ehmann and Ming C. Lin},
  title       = {Accelerated Proximity Queries between Convex Polyhedra by
                 Multi-Level {V}oronoi Marching},
  booktitle   = proc # CON-IEEE-CIRS,
  year        = {2000},
  pages       = {2101-2106}
}

@article{es-oscut-05,
  author      = {Esther Ezra and Micha Sharir},
  title       = {Output-Sensitive Construction of the Union of Triangles},
  journal     = JOUR-SIAM-JC,
  volume      = {34},
  number      = {6},
  year        = {2005},
  pages       = {1331-1351},
  ee          = {http://dx.doi.org/10.1137/S0097539704444245},
  bibsource   = {DBLP, http://dblp.uni-trier.de}
}

@inproceedings{es-vda-85 ,
  author      = {Herbert Edelsbrunner and Raimund Seidel},
  title       = {{V}oronoi diagrams and arrangements},
  booktitle   = proc # {$1^{st}$} # annual # SYM-ACM-SCG,
  publisher   = PUB-ACM,
  year        = {1985},
  pages       = {251--263}
}

@misc{exacus-home,
  title       = {The {E}{\sc xacus} Homepage},
  note        = {\usr{http://www.mpi-sb.mpg.de/projects/EXACUS}}
}

@phdthesis{f-mscaa-00,
  author      = {Efi Fogel},
  title       = {Minkowski Sum Construction and other Applications of
                 Arrangements of Geodesic Arcs on the Sphere},
  school      = {The Blavatnik School of Computer Science, Tel-Aviv University},
  year        = {2009}
}

@inproceedings{fh-papit-08,
  author      = {Efi Fogel and Dan Halperin},
  title       = {Polyhedral Assembly Partitioning with Infinite Translations
                 or The Importance of Being Exact},
  year        = {2008},
  site        = {Guanajuato, Mexico},
  note        = proc # {8th } # WOR-WAFR
}

@mastersthesis{f-eecpm-00,
  author      = {Eyal Flato},
  title       = {Exact and Efficient Construction of Planar {M}inkowski
                 sums},
  type        = {M.{Sc}. Thesis},
  school      = {The Blavatnik School of Computer Science, Tel-Aviv University},
  year        = {2000}
}

@techreport{f-ecscaco-04,
  author      = {Efi Fogel and Dan Halperin and Ron Wein and Sylvain Pion and
                 Monique Teillaud and Ioannis Emiris and
                 Athanasios Kakargias and Elias Tsigaridas and
                 Eric Berberich and Arno Eigenwillig and Michael Hemmer and
                 Lutz Kettner and Kurt Mehlhorn and Elmar Schomer and
                 Nicola Wolpert},
  title       = {An Empirical Comparison of Software for Constructing
                 Arrangements of Curved Arcs},
  institution = INST-TAU,
  year        = {2004},
  number      = {ECG-TR-361200-01}
}

@article{f-vrtdp-99,
  author      = {Steven Fortune},
  title       = {Vertex-Rounding a Three-Dimensional Polyhedral Subdivision},
  journal     = JOUR-DCG,
  volume      = {22},
  number      = {4},
  year        = {1999},
  pages       = {593-618},
}

@article{f-zcmac-04,
  author      = {Komei Fukuda},
  title       = {From the zonotope construction to the {M}inkowski addition
                 of convex polytopes},
  journal     = JOUR-JSC,
  volume      = {38},
  number      = {4},
  year        = {2004},
  pages       = {1261--1272}
}

@inproceedings{fgkss-ckbgc-96,
  author      = {Andreas Fabri and Geert-Jan Giezeman and Lutz Kettner and
                 Stefan Schirra and Sven Sch{\"o}nherr},
  title       = {The \textsc{Cgal} Kernel: {A} Basis for Geometric
                 Computation},
  editor      = {Ming C. Lin and Dinesh Manocha},
  booktitle   = proc # {$1^{st}$ } # WOR-ACM-WACG,
  series      = SER-LNCS,
  volume      = {1148},
  publisher   = PUB-SV,
  year        = {1996},
  pages       = {191--202}
}

@article{fgkss-dccga-00,
  author      = {Andreas Fabri and Geert-Jan Giezeman and Lutz Kettner and
                 Stefan Schirra and Sven Sch{\"o}nherr},
  title       = {On the Design of \textsc{Cgal} a Computational Geometry
                 Algorithms Library},
  journal     = JOUR-SPE,
  volume      = {30},
  number      = {11},
  year        = {2000},
  pages       = {1167--1202},
  succeeds    = {fgkss-ckbgc-96, fgkss-dccga-98},
  update      = {01.04 vismara},
  note        = {Special Issue on Discrete Algorithm Engineering}
}

@inproceedings{fh-eecms-06,
  author      = {Efi Fogel and Dan Halperin},
  title       = {Exact and Efficient Construction of {Minkowski} Sums of
                 Convex Polyhedra with Applications},
  booktitle   = proc # {$8^{th}$ } # WOR-ALENEX,
  year        = {2006},
  pages       = {3--15},
  site        = {Miami, Florida}
}

@article{fh-eecms-07,
  author      = {Efi Fogel and Dan Halperin},
  title       = {Exact and efficient construction of Minkowski sums of convex
                 polyhedra with applications},
  journal     = JOUR-CAD,
  volume      = {39},
  number      = {11},
  year        = {2007},
  pages       = {929-940},
  ee          = {http://dx.doi.org/10.1016/j.cad.2007.05.017},
  bibsource   = {DBLP, http://dblp.uni-trier.de}
}

@inproceedings{fh-emscp_05,
  author      = {Efi Fogel and Dan Halperin},
  title       = {Video: Exact Minkowski Sums of Convex Polyhedra},
  booktitle   = proc # {$21^{st}$} # annual # SYM-ACM-SCG,
  publisher   = PUB-ACM,
  year        = {2005},
  pages       = {382--383},
  site        = {Pisa, Italy}
}

@inproceedings{fh-oscps-95,
  author      = {Ulrich Finke and Klaus H. Hinrichs},
  title       = {Overlaying simply connected planar subdivisions in linear
                 time},
  booktitle   = proc # {$11^{th}$} # annual # SYM-ACM-SCG,
  publisher   = PUB-ACM,
  year        = {1995},
  pages       = {119--126},
  isbn        = {0-89791-724-3},
  location    = {Vancouver, BC},
  doi         = {\url{http://doi.acm.org/10.1145/220279.220292}}
}

@inproceedings{fh-recpm-00,
  author      = {Eyal Flato and Dan Halperin},
  title       = {Robust and Efficient Construction of Planar {M}inkowski Sums},
  booktitle   = abstracts # {$16^{th}$ } # WOR-EWCG,
  nickname    = {CG 2000},
  site        = {Eilat, Israel},
  publisher   = {Ben-Gurion University of the Negev},
  year        = {2000},
  pages       = {85--88},
  update      = {00.03 bibrelex}
}

@article{fhhne-dipmc-00,
  author      = {Eyal Flato and Dan Halperin and Iddo Hanniel and
                 O. Nechushtan and E. Ezra},
  title       = {The Design and Implementation of Planar Maps in
                 \textsc{Cgal}},
  journal     = JOUR-ACM-JEA,
  volume      = {5},
  year        = {2000}
}

@article{fhw-emcms-09,
  author      = {Efi Fogel and Dan Halperin and Christophe Weibel},
  title       = {On the Exact Maximum Complexity of Minkowski Sums of Polytopes},
  journal     = JOUR-DCG,
  volume      = {42},
  number      = {4},
  year        = {2009},
  pages       = {654-669}
}

@inproceedings{fkms-cpdt-05,
  author      = {Stefan Funke and Christian Klein and Kurt Mehlhorn and
                 Susanne Schmitt},
  title       = {Controlled perturbation for Delaunay triangulations},
  booktitle   = proc # {$16^{th}$} # annual # SYM-SODA,
  year        = {2005},
  pages       = {1047-1056}
}

@inproceedings{fm-nsala-91,
  author      = {Steven Fortune and Victor J. Milenkovic},
  title       = {Numerical Stability of Algorithms for Line Arrangements},
  booktitle   = proc # {$7^{th}$} # annual # SYM-ACM-SCG,
  publisher   = PUB-ACM,
  year        = {1991},
  pages       = {334--341},
  site        = {North Conway, N.H.},
}

@inproceedings{fp-glese-06,
  author      = {Andreas Fabri and Sylvain Pion},
  title       = {A Generic Lazy Evaluation Scheme for Exact Geometric
                 Computations},
  booktitle   = {$2^{nd}$ } # WOR-LCSD,
  nickname    = {LCSD'06},
  year        = {2006},
  site        = {Portland, Oragon}
}


@article{g-ah-71,
  author      = {B. Gr{\"u}nbaum},
  title       = {Arrangements of Hyperplanes},
  journal     = JOUR-CONG-NUM,
  volume      = {3},
  year        = {1971},
  pages       = {41--106}
}

@book{g-as-72,
  author      = {B. Gr{\"u}nbaum},
  title       = {Arrangements and Spreads},
  series      = SER-RCSM,
  number      = {10},
  publisher   = PUB-AMS,
  address     = {Providence, RI},
  year        = {1972}
}

@unpublished{g-bvpe-04,
  author      = {Brian Gerkey},
  title       = {Visibility-based Pursuit-Evasion for Searchers with Limited
                 Field of View},
  note        = {Presented in the 2nd \textsc{Cgal} User Workshop (2004)}
}

@book{g-cp-67,
  author      = {B. Gr{\"u}nbaum},
  title       = {Convex Polytopes},
  publisher   = PUB-WIL,
  address     = {New York, NY},
  year        = {1967}
}

@incollection{g-dpcp-83,
  author      = {Daniel H. Greene},
  title       = {The Decomposition of Polygons into Convex Parts},
  editor      = {Franco P. Preparata},
  booktitle   = BOOK-CG,
  series      = SER-ACR,
  volume      = {1},
  publisher   = PUB-JAI,
  address     = {Greenwich, Connecticut},
  year        = {1983},
  pages       = {235--259}
}

@inproceedings{gght-srlse-97,
  author      = {M. Goodrich and Leonidas J. Guibas and John Hershberger and
                 P. Tanenbaum},
  title       = {Snap Rounding Line Segments Efficiently in Two and Three
                 Dimensions},
  booktitle   = proc # {$13^{th}$} # annual # SYM-ACM-SCG,
  publisher   = PUB-ACM,
  year        = {1997},
  pages       = {284--293},
}
@inproceedings{ghhkms-bosnc-03,
  author      = {Miguel Granados and Peter Hachenberger and Susan Hert and
                 Lutz Kettner and Kurt Mehlhorn and Michael Seel},
  title       = {Boolean Operations on 3D Selective Nef Complexes: Data
                 Structure, Algorithms, and Implementation},
  booktitle   = proc # {$11^{th}$} # annual # SYM-ESA,
  series      = SER-LNCS,
  volume      = {2832},
  publisher   = PUB-SV,
  year        = {2003},
  pages       = {174--186}
}

@book{ghjv-dp-95,
  author      = {Erich Gamma and Richard Helm and Ralph Johnson and
                 John M. Vlissides},
  title       = {Design Patterns --- Elements of Reusable Object-Oriented
                 Software},
  publisher   = PUB-AW,
  year        = {1995}
}

@inproceedings{ghz-hhdcm-99,
  author      = {Leonidas J. Guibas and David Hsu and Li Zhang},
  title       = {H-Walk: Hierarchical distance computation for moving convex
                 bodies},
  booktitle   = proc # {$15^{th}$} # annual # SYM-ACM-SCG,
  publisher   = PUB-ACM,
  year        = {1999},
  pages       = {265--273}
}

@article{gjk-fpcdb-88,
  author      = {Elmer G. Gilbert and Daniel W. Johnson and Sathiya S. Keerthi},
  title       = {A fast procedure for computing the distance between complex
                 objects},
  journal     = JOUR-IEEE-JRA,
  volume      = {4},
  number      = {2},
  year        = {1988},
  pages       = {193--203},
  update      = {98.07 bibrelex}
}

@article{gm-rad-98,
  author      = {Leonidas J. Guibas and David Marimont},
  title       = {Rounding Arrangements Dynamically},
  journal     = JOUR-IJCGA,
  volume      = {8},
  year        = {1998},
  pages       = {157--176},
  succeeds    = {gm-rad-95},
  update      = {98.11 devillers}
}

@misc{gmp-home,
  title       = {The {GNU} Multiple Precision Arithmetic Library
                 (\textsc{GMP}) homepage},
  note        = {\url{http://www.swox.com/gmp}}
}

@article{go-copcg-95,
  author      = {A. Gajentaan and Mark H. Overmars},
  title       = {On a Class of ${O}(n^2)$ Problems in
                 Computational Geometry},
  journal     = JOUR-CGTA,
  publisher   = PUB-ELSEVIER,
  volume      = {5},
  year        = {1995},
  pages       = {165--185}
}

@inproceedings{grs-kfcg-83,
  author      = {Leonidas J. Guibas and Leo Ramshaw and Jorge Stolfi},
  title       = {A kinetic framework for computational geometry},
  booktitle   = proc # {$24^{th}$} # annual # SYM-IEEE-SFCS,
  year        = {1983},
  pages       = {100--111},
  update      = {98.03 mitchell}
}

@article{gs-ccrs-87,
  author      = {Leonidas J. Guibas and Raimund Seidel},
  title       = {Computing convolutions by reciprocal search},
  journal     = JOUR-DCG,
  volume      = {2},
  year        = {1987},
  pages       = {175--193},
  keywords    = {intersection, subdivisions, plane-sweep},
  succeeds    = {gs-ccrs-86},
  update      = {98.03 mitchell}
}

@article{gs-mapca-93,
  author      = {Peter Gritzmann and Bernd Sturmfels},
  title       = {Minkowski Addition of Polytopes: Computational Complexity
                 and Applications to {G}r{\"o}bner  Bases},
  journal     = JOUR-SIAM-JDM,
  volume      = {6},
  number      = {2},
  pages       = {246--269},
  year        = {1993}
}

@inproceedings{gs-pmgsc-83,
  author       = {Leonidas J. Guibas and Jorge Stolfi},
  title        = {Primitives for the manipulation of general subdivisions and
                 the computation of {V}oronoi diagrams},
  booktitle    = proc # {$11^{th}$} # annual # CON-STOC,
  year         = {1983},
  isbn         = {0-89791-099-0},
  pages        = {221--234},
  doi          = {http://doi.acm.org/10.1145/800061.808751},
  publisher    = PUB-ACM,
  address      = {New York, NY, USA},
}

@incollection{gs-rccda-88,
  author      = {Leonidas J. Guibas and Jorge Stolfi},
  title       = {Ruler, compass and computer: the design and analysis of
                 geometric algorithms},
  editor      = {R. A. Earnshaw},
  booktitle   = BOOK-TFCGC,
  series      = {NATO ASI Series~F},
  volume      = {40},
  publisher   = PUB-SV,
  address     = {Heidelberg, Germany},
  year        = {1988},
  pages       = {111--165},
  keywords    = {survey paper},
  update      = {98.03 mitchell, 97.03 pocchiola+schwarzkopf}
}

@inproceedings{gy-frcg-86,
  author      = {D. H. Greene and F. F. Yao},
  title       = {Finite-resolution computational geometry},
  booktitle   = proc # {$27^{th}$} # annual # SYM-IEEE-SFCS,
  year        = {1986},
  pages       = {143--152}
}

@incollection{h-a-04,
  author      = {Dan Halperin},
  title       = {Arrangements},
  chapter     = {24},
  editor      = {Jacob E. Goodman and Joseph O'Rourke},
  booktitle   = BOOK-HDCG,
  edition     = {2nd},
  publisher   = PUB-CHAP,
  address     = {Boca Raton, FL},
  pages       = {529--562},
  year        = {2004}
}

@mastersthesis{h-dipac-00,
  author      = {Iddo Hanniel},
  title       = {The Design and Implementation of Planar Arrangements of
                 Curves in \textsc{Cgal}},
  type        = {M.{Sc}. Thesis},
  school      = {The Blavatnik School of Computer Science, Tel-Aviv University},
  year        = {2000}
}

@article{h-emsoe-09,
  author      = {Peter Hachenberger},
  title       = {Exact Minkowksi Sums of Polyhedra and Exact and Efficient
                 Decomposition of Polyhedra into Convex Pieces},
  journal     = {Algorithmica},
  volume      = {55},
  number      = {2},
  year        = {2009},
  pages       = {329-345},
  ee          = {http://dx.doi.org/10.1007/s00453-008-9219-6},
  bibsource   = {DBLP, http://dblp.uni-trier.de}
}

@mastersthesis{h-eplgp-06,
  author      = {Idit Haran},
  title       = {Efficient Point Location in General Planar Subdivisions
                 Using Landmarks},
  type        = {M.{Sc}. Thesis},
  school      = {The Blavatnik School of Computer Science, Tel-Aviv University},
  year        = {2006}
}

@article{h-fuenl-89,
    author    = {John Hershberger},
    title     = {Finding the Upper Envelope of $n$ line segments in
                 {$O(n\log n)$} Time},
    journal   = JOUR-IPL,
    volume    = {33},
    year      = {1989},
    pages     = {169--174}
}

@article{h-iossr-08,
  author      = {John Hershberger},
  title       = {Improved Output-Sensitive Snap Rounding},
  journal     = JOUR-DCG,
  volume      = {39},
  number      = {1-3},
  year        = {2008},
  pages       = {298-318},
}

@article{h-psifp-99,
  author      = {J. Hobby},
  title       = {Practical segment intersection with finite precision output},
  journal     = JOUR-CGTA,
  publisher   = PUB-ELSEVIER,
  volume      = {13},
  year        = {1999},
  pages       = {199-214}
}

@article{h-rgcm-02,
  author      = {Dan Halperin},
  title       = {Robust Geometric Computing in Motion},
  journal     = JOUR-IJRR,
  volume      = {21},
  number      = {3},
  year        = {2002},
  pages       = {219--232},
}

@incollection{h-sm-04,
  author      = {Christoph M. Hoffmann},
  title       = {Solid Modeling},
  chapter     = {56},
  editor      = {Jacob E. Goodman and Joseph O'Rourke},
  booktitle   = BOOK-HDCG,
  edition     = {2nd},
  publisher   = PUB-CHAP,
  address     = {Boca Raton, FL},
  year        = {2004},
  pages       = {1257--1278}
}

@inproceedings{hh-espl-06,
  author      = {Idit Haran and Dan Halperin},
  title       = {An Experimental Study of Point Location in General Planar
                 Arrangements},
  booktitle   = proc # {$8^{th}$ } # WOR-ALENEX,
  year        = {2006},
  pages       = {16--25},
  site        = {Miami, Florida}
}

@incollection{hh-hymp-03,
  author      = {Shai Hirsch and Dan Halperin},
  title       = {Hybrid Motion Planning: Coordinating Two Discs Moving
                 among Polygonal Obstacles in the Plane},
  booktitle   = BOOK-WAFR # { {V}},
  editor      = {Jean-Daniel Boissonnat and Joel Burdick and Ken Goldberg
                 and Seth Hutchinson},
  publisher   = PUB-SV,
  address     = {Heidelberg, Germany},
  year        = {2003},
  pages       = {239--255}
}

@inproceedings{hh-tdaca-00,
  author      = {Iddo Hanniel and Dan Halperin},
  title       = {Two-dimensional arrangements in \textsc{Cgal} and adaptive
                 point location for parametric curves},
  booktitle   = proc # {$4^{th}$ } # WOR-WAE,
  volume      = {1982},
  series      = SER-LNCS,
  year        = {2000},
  pages       = {171--182}
}

@inproceedings{hhkps-aegk-01,
  author      = {Susan Hert and Michael Hoffmann and Lutz Kettner and
                 Sylvain Pion and Michael Seel},
  title       = {An Adaptable and Extensible Geometry Kernel},
  booktitle   = proc # {$5^{th}$ } # WOR-WAE,
  volume      = {2141},
  series      = SER-LNCS,
  year        = {2001},
  pages       = {79--90}
}

@incollection{hkl-r-04,
  author      = {D. Halperin and L. E. Kavraki and Jean-Claude Latombe},
  title       = {Robotics},
  chapter     = {48},
  editor      = {Jacob E. Goodman and Joseph O'Rourke},
  booktitle   = BOOK-HDCG,
  edition     = {2nd},
  publisher   = PUB-CHAP,
  address     = {Boca Raton, FL},
  year        = {2004},
  pages       = {1065--1093}
}

@article{hl-cpac-04,
  author      = {Dan Halperin and Eran Leiserowitz},
  title       = {Controlled perturbation for arrangements of circles},
  journal     = JOUR-IJCGA,
  volume      = {14},
  number      = {4-5},
  year        = {2004},
  pages       = {277-310}
}

@article{hm-ftprs-85,
  author      = {Stefan Hertel and Kurt Mehlhorn},
  title       = {Fast triangulation of the plane with respect to simple
                 polygons},
  journal     = JOUR-IC,
  volume      = {64},
  year        = {1985},
  pages       = {52--76},
  succeeds    = {hm-ftsp-83}
}

@inproceedings{hm-ftsp-83,
  author      = {Stefan Hertel and Kurt Mehlhorn},
  title       = {Fast triangulation of simple polygons},
  booktitle   = proc # {$4^{th}$ } # CON-ICFCT,
  series      = SER-LNCS,
  volume      = {158},
  publisher   = PUB-SV,
  year        = {1983},
  pages       = {207--218},
  precedes    = {hm-ftprs-85}
}

@inproceedings{hna-mscpp-99,
  author      = {Antonio Hern{\'a}ndez-Barrera and Subhas Chandra Nandy and
                 Tetsuo Asano},
  title       = {The {M}inkowski Sum of a Convex Polyhedron and a Polyhedral
                 Terrain},
  booktitle   = abstracts # {$15^{th}$ } # WOR-EWCG,
  nickname    = {CG '99},
  site        = {Antibes, France},
  publisher   = {INRIA Sophia-Antipolis},
  year        = {1999},
  pages       = {135--136},
  update      = {00.03 bibrelex, 99.07 bibrelex}
}

@article{ho-smhsr-98,
  author      = {Dan Halperin and Mark H. Overmars"},
  title       = {Spheres, Molecules, and Hidden Surface Removal},
  journal     = JOUR-CGTA,
  volume      = {11},
  number      = {2},
  year        = {1998},
  pages       = {83--102}
}

@article{hp-isr-02,
  author      = {Dan Halperin and Eli Packer},
  title       = {Iterated snap rounding},
  journal     = {Comput. Geom.},
  volume      = {23},
  number      = {2},
  year        = {2002},
  pages       = {209-225},
}

@inproceedings{hs-icvdt-02,
  author      = {Hayim Shaul and Dan Halperin},
  title       = {Improved construction of vertical decompositions of
                 three-dimensional arrangements},
  booktitle   = proc # {$18^{th}$} # annual # SYM-ACM-SCG,
  publisher   = PUB-ACM,
  year        = {2002},
  pages       = {283-292},
}

@article{hs-nblet-94 ,
  author      = {Dan Halperin and Micha Sharir},
  title       = {New bounds for lower envelopes in three dimensions, with
                 applications to visibility in terrains},
  journal     = JOUR-DCG,
  volume      = {12},
  year        = {1994},
  pages       = {313--326}
}

@article{hs-pssaa-98,
  author      = {Dan Halperin and Christian R. Shelton},
  title       = {A Perturbation Scheme for Spherical Arrangements With
                 Application to Molecular Modeling},
  journal     = JOUR-CGTA,
  publisher   = PUB-ELSEVIER,
  volume      = {10},
  year        = {1998},
  pages       = {273--287}
}

@inproceedings{hw-execa-07,
  author      = {Iddo Hanniel and Ron Wein},
  title       = {An exact, complete and efficient computation of
                arrangements of {B}\'{e}zier curves},
  booktitle   = proc # SYM-SPM,
  publisher   = PUB-ACM,
  year        = {2007},
  isbn        = {978-1-59593-666-0},
  pages       = {253--263},
  location    = {Beijing, China},
  doi         = {http://doi.acm.org/10.1145/1236246.1236282},
}

@inproceedings{jmk-mstss-02,
  author      = {Joon-Kyung Seong and Myung-Soo Kim and Kokichi Sugihara},
  title       = {The {M}inkowski Sum of Two Simple Surfaces Generated by
                 Slope-Monotone Closed Curves},
  publisher   = PUB-IEEE,
  booktitle   = proc # CON-GMPTA,
  site        = {Saitama, Japan},
  year        = {2002},
  pages       = {33--42}
}

@article{k-osps-83,
  author      = {David G. Kirkpatrick},
  title       = {Optimal search in planar subdivisions},
  journal     = JOUR-SIAM-JC,
  volume      = {12},
  number      = {1},
  year        = {1983},
  pages       = {28--35}
}

@incollection{k-pd-00,
  author      = {Mark Keil},
  title       = {Polygon decomposition},
  editor      = {J{\"o}rg-R{\"u}diger Sack and Jorge Urrutia},
  booktitle   = BOOK-HCG,
  publisher   = PUB-ELSEVIER,
  address     = {Amsterdam, North-Holland},
  chapter     = {11},
  year        = {2000},
  pages       = {491-518}
}

@article{k-ugpdd-99,
  author      = {Lutz Kettner},
  title       = {Using Generic Programming for Designing a Data Structure
                 for Polyhedral Surfaces},
  journal     = JOUR-CGTA,
  publisher   = PUB-ELSEVIER,
  year        = {1999},
  pages       = {65--90},
  volume      = {13}
}

@inproceedings{kcmk-mapc-99,
  author      = {John Keyser and Tim Culver and Dinesh Manocha and
                 Shankar Krishnan},
  title       = {{M}{\sc apc}: a library for efficient manipulation of
                 algebraic points and curves},
  booktitle   = proc # {$15^{th}$} # annual # SYM-ACM-SCG,
  publisher   = PUB-ACM,
  year        = {1999},
  pages       = {360--369},
  note        = {\url{http://www.cs.unc.edu/$\sim$geom/MAPC}}
}

@article{klps-ujrcf-86,
  author      = {Klara Kedem and Ron Livne and J{\'a}nos Pach and
                 Micha Sharir},
  title       = {On the Union of Jordan Regions and Collision-Free Translational
                 Motion Amidst Polygonal Obstacles},
  journal     = JOUR-DCG,
  volume      = {1},
  year        = {1986},
  pages       = {59-70}
}

@inproceedings{klpy-clrngc-99,
  author      = {Vijay Karamcheti and Chen Li and Igor Pechtchanski and
                 Chee K. Yap},
  title       = {A Core Library for Robust Numeric and Geometric Computation},
  booktitle   = proc # {$15^{th}$} # annual # SYM-ACM-SCG,
  publisher   = PUB-ACM,
  pages       = {351--359},
  year        = {1999},
}

@inproceedings{kmpsy-cerpg-04,
  author      = {Lutz Kettner and Kurt Mehlhorn and Sylvain Pion and
                 Stefan Schirra and Chee K. Yap},
  title       = {Classroom Examples of Robustness Problems in Geometric
                 Computations},
  booktitle   = proc # {$12^{th}$} # annual # SYM-ESA,
  nickname    = {ESA '04},
  series      = SER-LNCS,
  volume      = {3221},
  publisher   = PUB-SV,
  year        = {2004},
  pages       = {702--713}
}

@article{kmpsy-cerpg-08,
  author      = {Lutz Kettner and Kurt Mehlhorn and Sylvain Pion and
                 Stefan Schirra and Chee Yap},
  title       = {Classroom Examples of Robustness Problems in Geometric
                 Computations},
  journal     = JOUR-CGTA,
  publisher   = PUB-ELSEVIER,
  year        = {2008},
  number      = {1},
  volume      = {40},
  pages       = {61--78},
  address     = {Amsterdam, The Netherlands},
  month       = {May},
}

@incollection{kn-tcgll-04,
  author      = {Lutz Kettner and S. N{\"a}her},
  title       = {Two Computational Geometry Libraries: \textsc{Leda} and
                 \textsc{Cgal}},
  chapter     = {65},
  editor      = {Jacob E. Goodman and Joseph O'Rourke},
  edition     = {2nd},
  booktitle   = BOOK-HDCG,
  publisher   = PUB-CHAP,
  address     = {Boca Raton, FL},
  year        = {2004},
  pages       = {1435--1463}
}

@inproceedings{kr-sid-91,
  author      = {A. Kaul and J. Rossignac},
  title       = {Solid-interpolation deformations:
                 Construction and animation of {PIP}s},
  booktitle   = proc # CON-EUROG,
  number      = {1},
  year        = {1991},
  pages       = {493--505}
}

@article{kslo-prpph-96,
  author      = {L. E. Kavraki and P. {\v S}vestka and
                 Jean-Claude Latombe and Mark H. Overmars},
  title       = {Probabilistic Roadmaps for Path Planning in
                 High Dimensional Configuration Spaces},
  journal     = JOUR-IEEE-TRA,
  volume      = {12},
  year        = {1996},
  pages       = {566--580}
}

@book{l-pa-06,
  author      = {Steven M. LaValle},
  title       = {Planning Algorithms},
  publisher   = PUB-CAMB,
  address     = {Cambridge, U.K.},
  note        = {Available at \url{http://planning.cs.uiuc.edu/}},
  year        = {2006}
}

@book{l-rmp-91,
  author      = {Jean-Claude Latombe},
  title       = {Robot Motion Planning},
  publisher   = PUB-KLUWER,
  address     = {Norwell, Massachusetts},
  year        = {1991},
  keywords    = {robotics},
  update      = {93.05 orourke}
}

@article{l-spcsa-83,
  author      = {Tomas Lozano-P{\'e}rez},
  title       = {Spatial planning: {A} configuration space approach},
  journal     = JOUR-IEEE-TC,
  volume      = {C-32},
  year        = {1983},
  pages       = {108--120}
}

@incollection{l-spcsa-90,
  author      = {Tomas Lozano-P{\'e}rez},
  title       = {Spatial planning: {A} configuration space approach},
  booktitle   = BOOK-ARV,
  publisher   = PUB-SV,
  address     = {New York, NY},
  year        = {1990},
  pages       = {259--271},
  isbn        = {0-387-97240-4}
}

@inproceedings{lc-faidc-91,
  author      = {Ming C. Lin and John F. Canny},
  title       = {A Fast Algorithm for Incremental Distance Calculation},
  booktitle   = proc # CON-IEEE-ICRA,
  pages       = {1008--1014},
  year        = {1991}
}

@misc{leda-home,
  title       = {The {L}ibrary for efficient data types and algorithms
                 (\textsc{Leda}) homepage},
  note        =  {\url{http://www.algorithmic-solutions.com/enleda.htm}}
}

@article{lee98polynomialrational,
  author      = {In-kwon Lee and Myung-soo Kim and Gershon Elber},
  title       = {Polynomial/rational approximation of {M}inkowski sum
                 boundary curves},
  journal     = JOUR-GMIP,
  publisher   = PUB-AP,
  volume      = {60},
  number      = {2},
  pages       = {136--165},
  year        = {1998}
}

@techreport{lh-ecmsp-02,
  author      = {Shai Hirsch and Eran Leiserowitz},
  title       = {Exact Construction of {M}inkowski Sums of Polygons and a
                 Disc with Application to Motion Planning},
  institution = INST-TAU,
  year        = {2002},
  number      = {ECG-TR-181205-01}
}

@article{lhhh-esolm-03,
  author    = {Chaim Linhart and
               Dan Halperin and
               Iddo Hanniel and
               Sariel Har-Peled},
  title     = {An Experimental Study of On-Line Methods for Zone Construction
               in Arrangements of Lines in the Plane},
  journal   = {Int. J. Comput. Geometry Appl.},
  volume    = {13},
  number    = {6},
  year      = {2003},
  pages     = {463-485},
  ee        = {http://dx.doi.org/10.1142/S0218195903001293},
  bibsource = {DBLP, http://dblp.uni-trier.de}
}

@article{lke-prams-98,
  author      = {In-Kwon Lee and Myung-Soo Kim and Gershon Elber},
  title       = {Polynomial/Rational Approximation of Minkowski Sum Boundary
                 Curves},
  journal     = JOUR-GMIP,
  volume      = {60},
  number      = {2},
  year        = {1998},
  pages       = {136-165},
}

@incollection{lm-cpq-04,
  author      = {Ming C. Lin and Dinesh Manocha},
  title       = {Collision and Proximity Queries},
  chapter     = {35},
  editor      = {Jacob E. Goodman and Joseph O'Rourke},
  booktitle   = BOOK-HDCG,
  edition     = {2nd},
  publisher   = PUB-CHAP,
  address     = {Boca Raton, FL},
  year        = {2004},
  pages       = {787--807}
}

@inproceedings{lpt-cakra-08,
  author      = {Sylvain Lazard and Luis Pe{\~n}aranda and Elias Tsigaridas},
  title       = {A {C}{\sc gal} Based Algebraic Kernel Based on {RS} and
                 Application to Arrangements},
  booktitle   = abstracts # {$24^{th}$ } # WOR-EWCG,
  pages       = {91--94},
  year        = {2008},
  site        = {Nancy, France},
}

@article{ls-pptmc-87,
  author      = {Daniel Leven and Micha Sharir},
  title       = {Planning a Purely Translational Motion for a Convex Object
                 in Two-Dimensional Space Using Generalized {V}oronoi Diagrams},
  journal     = JOUR-DCG,
  volume      = {2},
  year        = {1987},
  pages       = {9-31},
}

@inproceedings{m-cacau-89,
  author      = {Victor J. Milenkovic},
  title       = {Calculating Approximate Curve Arrangements Using Rounded
                 Arithmetic},
  booktitle   = proc # {$5^{th}$} # annual # SYM-ACM-SCG,
  publisher   = PUB-ACM,
  year        = {1989},
  pages       = {197--207},
}

@book{m-cgitr-93,
  author      = {Ketan Mulmuley},
  title       = {Computational Geometry:
                 An Introduction Through Randomized Algorithms},
  publisher   = PUB-PRENT,
  address     = {Englewood Cliffs, NJ},
  year        = 1993
}

@article{m-fppa-90,
  author      = {Ketan Mulmuley},
  title       = {A Fast Planar Partition Algorithm, {I}},
  journal     = JOUR-JSC,
  volume      = {10},
  number      = {3-4},
  year        = {1990},
  pages       = {253--280}
}

@book{m-ldg-02,
  author      = {Jiri Matou{\v s}ek},
  title       = {Lectures on Discrete Geometry},
  volume      = {212},
  series      = SER-GTM,
  publisher   = PUB-SV,
  address     = {Heidelberg, Germany},
  year        = 2002
}

@book{m-mdscg-84,
  author      = {Kurt Mehlhorn},
  title       = {Data Structures and Algorithms 3: Multi-dimensional
                 Searching and Computational Geometry},
  series      = SER-EMTCS,
  volume      = {3},
  publisher   = PUB-SV,
  address     = {Heidelberg, Germany},
  year        = {1984},
  isbn        = {3-540-13642-8},
  keywords    = {data structures,  algorithms, computational geometry, book},
  update      = {98.07 icking, 97.11 bibrelex}
}

@inproceedings{m-rgece-06,
  author      = {Michal Meyerovitch},
  title       = {Robust, Generic and Efficient Construction of
                 Envelopes of Surfaces in Three-Dimensional Space},
  booktitle   = proc # {$14^{th}$} # annual # SYM-ESA,
  series      = SER-LNCS,
  publisher   = PUB-SV,
  volume      = {4168},
  year        = {2006},
  pages       = {792--803}
}

@mastersthesis{m-rgece-06a,
  author      = {Michal Meyerovitch},
  title       = {Robust, Generic and Efficient Construction of
                 Envelopes of Surfaces in Three-Dimensional Space},
  school      = {The Blavatnik School of Computer Science, Tel-Aviv University},
  type        = {M.{Sc}. Thesis},
  year        = {2006}
}

@article{m-spgr-00,
  author      = {Victor J. Milenkovic},
  title       = {Shortest Path Geometric Rounding},
  journal     = JOUR-ALG,
  volume      = {27},
  number      = {1},
  year        = {2000},
  pages       = {57--86},
  update      = {00.07 held}
}

@incollection{m-tnutt-97,
  author      = {Nathan Myers},
  title       = {A New and Useful Template Technique: ``{Traits}''},
  booktitle   = {{C}{\tt ++} Gems},
  year        = {1998},
  pages       = {451--458},
  editor      = {Stanly B. Lippman},
  volume      = {5},
  publisher   = PUB-CAMB,
  address     = {Cambridge, UK},
  series      = SER-SRL
}

@article{m-vcfrp-98,
  author      = {Brian Mirtich},
  title       = {V-Clip: Fast and Robust Polyhedral Collision Detection},
  journal     = {ACM Trans. Graph.},
  volume      = {17},
  number      = {3},
  year        = {1998},
  pages       = {177--208},
  succeeds    = {m-vfrpc-97},
  update      = {99.03 held}
}

@book{mds-strg-01,
  author      = {David R. Musser and Gillmer J. Derge and Atul Saini},
  title       = {\textsc{Stl} tutorial and reference guide: {C++} programming
                 with the standard template library},
  edition     = {2nd},
  year        = {2001},
  publisher   = PUB-AW # { Professional},
  url         = {\url{http://www.cs.rpi.edu/~musser/gp/}},
  posted-at   = {2009-02-08 11:17:09},
  priority    = {2},
  series      = {Professional Computing Series},
}

@book{mn-lpcgc-00,
  author      = {Kurt Mehlhorn and Stefan N{\"a}her},
  title       = {{\sc Leda}: A Platform for Combinatorial and Geometric
                 Computing},
  publisher   = PUB-CAMB,
  address     = {Cambridge, UK},
  year        = {2000}
}

@INPROCEEDINGS{mos-ecgcp-06,
  author      = {Kurt Mehlhorn and Ralf Osbild and Michael Sagraloff},
  editor      = {Michele Bugliesi and Bart Preneel and Vladimir Sassone and
                 Ingo Wegener},
  title       = {Reliable and Efficient Computational Geometry Via Controlled
                 Perturbation},
  booktitle   = proc # {$33^{rd}$ } # COL-ICALP,
  publisher   = {Springer},
  year        = {2006},
  volume      = {4051},
  pages       = {299--310},
  series      = {Lecture Notes in Computer Science},
  address     = {Venice, Italy},
}

@inproceedings{mp-fcafg-05,
  author      = {Guillaume Melquiond and Sylvain Pion},
  title       = {Formal Certification of Arithmetic Filters for Geometric
                 predicates},
  booktitle   = proc # {$17^{th}$ IMACS World Congress on Scientific,
                Applied Mathematics and Simulation},
  year        = {2005}
}

@article{mpssw-ftdlm-94,
  author    = {Jir\'{\i} Matousek and
               J{\'a}nos Pach and
               Micha Sharir and
               Shmuel Sifrony and
               Emo Welzl},
  title     = {Fat Triangles Determine Linearly Many Holes},
  journal   = JOUR-SIAM-JC,
  volume    = {23},
  number    = {1},
  year      = {1994},
  pages     = {154-169},
  bibsource = {DBLP, http://dblp.uni-trier.de}
}

@article{mp-fitcp-78,
  author      = {David E. Muller and Franco P. Preparata},
  title       = {Finding the intersection of two convex polyhedra},
  journal     = JOUR-TCS,
  volume      = {7},
  year        = {1978},
  pages       = {217--236}
}

@article{ms-aaasa-07,
  author      = {Victor J. Milenkovic and Elisha Sacks},
  title       = {An Approximate Arrangement Algorithm for Semi-Algebraic
                 Curves},
  journal     = JOUR-CGTA,
  publisher   = PUB-ELSEVIER,
  volume      = {17},
  number      = {2},
  year        = {2007},
  pages       = {175-198},
}

@inproceedings{ms-gp-88,
  author      = {David A. Musser and Alexander A. Stepanov},
  title       = {Generic Programming},
  booktitle   = proc # CON-ICSAC,
  series      = SER-LNCS,
  volume      = {358},
  publisher   = PUB-SV,
  year        = {1988},
  pages       = {13--25}
}

@book{ms-strg-96,
  author      = {David R. Musser and Atul Saini},
  title       = {{S}{\sc tl} Tutorial and Reference Guide:
                 {C}{\tt ++}~Programming with the Standard Template Library},
  publisher   = PUB-AW,
  year        = {1996}
}

@inproceedings{msz-frplw-96,
 author       = {Ernst P. M{\"u}cke and Isaac Saias and Binhai Zhu},
 title        = {Fast Randomized Point Location Without Preprocessing in
                 Two- and Three-Dimensional {Delaunay} Triangulations},
 booktitle    = proc # {$12^{th}$} # annual # SYM-ACM-SCG,
  publisher   = PUB-ACM,
 year         = {1996},
 pages        = {274--283}
}

@article{nm-nutt-95,
  author      = {Nathan Myers},
  title       = {Traits: A new and useful template technique},
  type        = {Technical {Report}},
  journal     = {C++ Report},
  year        = {1995},
  volume      = {7},
  number      = {5},
  pages       = {32--35}
}

@book{o-cgc-98,
  author      = {Joseph O'Rourke},
  title       = {Computational Geometry in {C}},
  edition     = {2nd},
  publisher   = PUB-CAMB,
  address     = {New York, NY},
  year        = {1998}
}

@inproceedings{o-dcgal-96,
  author      = {Mark H. Overmars},
  title       = {Designing the Computational Geometry Algorithms Library
                 {C}{\sc gal}},
  booktitle   = proc # WOR-ACM-WACG # {, Towards Geometric Engineering},
  year        = {1996},
  isbn        = {3-540-61785-X},
  pages       = {53--58},
  publisher   = PUB-SV,
  volume      = {1148},
  address     = {London, UK},
}

@inproceedings{oz-iessp-05,
  author      = {Martin Odersky and Matthias Zenger},
  title       = {Independently Extensible Solutions to the Expression Problem},
  booktitle   = proc # {$12^{th}$ } # WOR-FOOL,
  year        = {2005},
  month       = {jan},
  note        = {\url{http://homepages.inf.ed.ac.uk/wadler/fool}}
}

@mastersthesis{p-fpatp-02,
  author      = {Eli Packer},
  title       = {Finite-precision Approximation Techniques for Planar
                 Arrangements of Line Segments},
  type        = {MS.{C}. Thesis},
  school      = {The Blavatnik School of Computer Science, Tel-Aviv University},
  address     = {Tel Aviv},
  year        = {2002},
}

@article{p-isrbd-08,
  author      = {Eli Packer},
  title       = {Iterated snap rounding with bounded drift},
  journal     = JOUR-CGTA,
  publisher   = PUB-ELSEVIER,
  number      = {3},
  volume      = {40},
  year        = {2008},
  pages       = {231-251},
}

@incollection{p-rsls-04,
  author      = {M. Pellegrini},
  title       = {Ray Shooting and Lines in Space},
  chapter     = {37},
  editor      = {Jacob E. Goodman and Joseph O'Rourke},
  booktitle   = BOOK-HDCG,
  edition     = {2nd},
  publisher   = PUB-CHAP,
  address     = {Boca Raton, FL},
  pages       = {839--856},
  year        = {2004}
}

@article{p-ucfms-93,
  author      = {Pijush K. Ghosh},
  title       = {A unified computational framework for {M}inkowski operations},
  journal     = JOUR-CG,
  volume      = {17},
  number      = {4},
  pages       = {357--378},
  year        = {1993}
}

@book{ps-cgi-85,
  author      = {Franco P. Preparata and Michael Ian Shamos},
  title       = {Computational Geometry: An Introduction},
  publisher   = PUB-SV,
  address     = {New York, NY},
  year        = {1985},
  comments    = {corrected and expanded second printing, 1988},
  precedes    = {ps-cgi-90},
  update      = {98.11 bibrelex, 95.09 agarwal}
}

@book{ps-cgi-90,
  author      = {Franco P. Preparata and Michael Ian Shamos},
  title       = {Computational Geometry: An Introduction},
  edition     = {3rd},
  publisher   = PUB-SV,
  address     = {New York, NY},
  year        = {1990},
  isbn        = {3-540-96131-3},
  succeeds    = {ps-cgi-85},
  update      = {98.11 bibrelex}
}

@article{pt-bcuft-02,
  author    = {J{\'a}nos Pach and
               G{\'a}bor Tardos},
  title     = {On the Boundary Complexity of the Union of Fat Triangles},
  journal   = {SIAM J. Comput.},
  volume    = {31},
  number    = {6},
  year      = {2002},
  pages     = {1745-1760},
  ee        = {http://epubs.siam.org/sam-bin/dbq/article/38216},
  bibsource = {DBLP, http://dblp.uni-trier.de}
}

@book{ptvf-nrcpp-02,
  author      = {W. Press and S. Teukolsky and W. Vetterling and B. Flannery},
  title       = {Numerical Recipes in {C}{\tt ++}},
  edition     = {2nd},
  publisher   = PUB-CAMB,
  address     = {Cambridge, UK},
  year        = {2002}
}

@misc{quickcd-home,
  title       = {The \textsc{QuickCD} Library homepage},
  note        = {\url{http://www.ams.sunysb.edu/\tildegen{}jklosow/quickcd/QuickCD.html}}
}

@inproceedings{r-cpaps-99,
  author      = {Sigal Raab},
  title       = {Controlled Perturbation for Arrangements of Polyhedral Surfaces
                 with Application to Swept Volumes},
  booktitle   = proc # {$15^{th}$} # annual # SYM-ACM-SCG,
  publisher   = PUB-ACM,
  year        = {1999},
  pages       = {163-172},
}

@mastersthesis{r-vaasp-03,
  author      = {Vadim Rogol},
  title       = {Maximizing the Area of an Axially-Symmetric Polygon
                 Inscribed by a Simple Polygon},
  school      = INST-TECHNION,
  year        = {2003}
}

@mastersthesis{s-cdvdd-09,
  author      = {Ophir Setter},
  title       = {Constructing Two-Dimensional {V}oronoi Diagrams via
                 Divide-and-Conquer of Envelopes in Space},
  type        = {MS.{C}. Thesis},
  school      = {The Blavatnik School of Computer Science, Tel-Aviv University},
  address     = {Tel Aviv},
  year        = {2009},
}

@incollection{s-amp-04,
  author      = {Micha Sharir},
  title       = {Algorithmic Motion Planning},
  chapter     = {47},
  editor      = {Jacob E. Goodman and Joseph O'Rourke},
  booktitle   = BOOK-HDCG,
  edition     = {2nd},
  publisher   = PUB-CHAP,
  address     = {Boca Raton, FL},
  year        = {2004},
  pages       = {1037--1064}
}

@article{s-atubl-94 ,
  author      = {Micha Sharir},
  title       = {Almost Tight Upper Bounds for Lower Envelopes in Higher
                 Dimensions},
  journal     = JOUR-DCG,
  volume      = {12},
  year        = {1994},
  pages       = {327--345}
}

@book{s-cpl-04,
  author      = {Bjarne Stroustrup},
  title       = {The {C++} Programming Language},
  edition     = {3rd},
  year        = {2004},
  publisher   = PUB-AW,
  address     = {Boston, MA, USA},
  isbn        = {0201700735},
}

@article{s-la2cp-97,
  author    = {Micha Sharir},
  title     = {A Near-Linear Algorithm for the Planar 2-Center Problem},
  journal   = {Discrete {\&} Computational Geometry},
  volume    = {18},
  number    = {2},
  year      = {1997},
  pages     = {125-134},
  ee        = {http://link.springer.de/link/service/journals/00454/bibs/18n2p125.html},
  bibsource = {DBLP, http://dblp.uni-trier.de}
}

@incollection{s-rpigc-00,
  author      = {Stefan Schirra},
  title       = {Robustness and Precision Issues in Geometric Computation},
  chapter     = {14},
  editor      = {J{\"o}rg-R{\"u}diger Sack and Jorge Urrutia},
  booktitle   = BOOK-HCG,
  publisher   = PUB-ELSEVIER,
  address     = {Amsterdam, North-Holland},
  year        = {2000},
  pages       = {597--632},
  update      = {00.03 bibrelex+smid+vismara, 99.03 bibrelex, 98.07 mitchell},
  annote      = {Chapter 14 of su-hcg-00}
}

@incollection{s-rpigc-99,
  author      = {Stefan Schirra},
  title       = {Robustness and Precision Issues in Geometric Computation},
  editor      = {J{\"o}rg-R{\"u}diger Sack and Jorge Urrutia},
  booktitle   = BOOK-HCG,
  publisher   = PUB-ELSEVIER,
  address     = {Amsterdam, North-Holland},
  year        = {1999},
  pages       = {597--632}
}

@article{s-sfira-91,
  author      = {Raimund Seidel},
  title       = {A Simple and Fast Incremental Randomized Algorithm for
                 Computing Trapezoidal Decompositions and for Triangulating
                 Polygons},
  journal     = JOUR-CGTA,
  publisher   = PUB-ELSEVIER,
  volume      = {1},
  number      = {1},
  year        = {1991},
  pages       = {51--64}
}

@book{sa-dsstg-95,
  author      = {Micha Sharir and Pankaj Kumar Agarwal},
  title       = {{Davenport}-{Schinzel} Sequences and Their Geometric
                 Applications},
  publisher   = PUB-CAMB,
  address     = {New York, NY},
  year        = 1995
}

@book{sll-bgl-02,
  title       = {The \textsc{Boost} Graph Library},
  author      = {Jeremy G. Siek and Lie-Quan Lee and Andrew Lumsdaine},
  publisher   = PUB-AW,
  year        = {2002}
}

@misc{solid-home,
  title       = {The \textsc{Solid} Library homepage},
  note        = {\url{http://www.win.tue.nl/cs/tt/gino/solid}}
}

@article{ss-tddsp-90 ,
  author      = {J. T. Schwartz and Micha Sharir},
  title       = {On the two-dimensional {Davenport}-{Schinzel} problem},
  journal     = JOUR-JSC,
  volume      = {10},
  year        = {1990},
  pages       = {371--393}
}

@article{st-pplup-86,
 author       = {N. Sarnak and Robert E. Tarjan},
 title        = {Planar point location using persistent search trees},
 journal      = COM-ACM,
 volume       = {29},
 number       = {7},
 month        = JUL,
 year         = {1986},
 pages        = {669--679}
}

@misc{swift-home,
  title       = {The \textsc{SWIFT++} Library homepage},
  note        = {\url{http://gamma.cs.unc.edu/SWIFT++}}
}

@inproceedings{t_epr_04,
  title       = {The expression problem revisited},
  author      = {M. Torgersen},
  booktitle   = proc # CON-ECOOP,
  series      = SER-LNCS,
  number      = {3086},
  editor      = {M. Odersky},
  pages       = {123--143},
  publisher   = PUB-SV,
  year        = {2004}
}

@misc{tag-dispatch,
  title       = {Generic Programming Techniques},
  note        = {\url{http://www.boost.org/more/generic\_{}programming.html}}
}

@book{vj-ctcg-02,
  author      = {David Vandevoorde and Nicolai M. Josuttis},
  title       = {{C++} Templates: The Complete Guide},
  year        = {2002},
  publisher   = PUB-AW # { Professional},
  url         = {\url{http://www.amazon.com/exec/obidos/redirect?tag=citeulike07-20&path=ASIN/0201734842}},
  howpublished = {Hardcover},
  isbn        = {0201734842},
  keywords    = {cpp, templates, wgp08},
  month       = {November},
  posted-at   = {2008-05-15 15:13:22},
  priority    = {2},
}

@inproceedings{vm-amsap-04,
  author      = {Gokul Varadhan and Dinesh Manocha},
  title       = {Accurate {M}inkowski Sum Approximation of Polyhedral Models},
  booktitle   = proc # CON-PCCGA,
  publisher   = PUB-IEEE,
  year        = {2004},
  pages       = {392--401},
  isbn        = {0-7695-2234-3}
}

@article{w-eacop-07,
  author      = {Ron Wein},
  title       = {Exact and approximate construction of offset polygons},
  journal     = JOUR-CAD,
  volume      = {39},
  number      = {6},
  year        = {2007},
  pages       = {518-527},
  ee          = {http://dx.doi.org/10.1016/j.cad.2007.01.010},
  bibsource   = {DBLP, http://dblp.uni-trier.de}
}

@inproceedings{w-eecpm-06,
  author      = {Ron Wein},
  title       = {Exact and Efficient Construction of Planar Minkowski Sums
                 Using the Convolution Method},
  booktitle   = proc # {$14^{th}$} # annual # SYM-ESA,
  year        = {2006},
  pages       = {829-840},
  ee          = {http://dx.doi.org/10.1007/11841036_73},
  bibsource   = {DBLP, http://dblp.uni-trier.de}
}

@inproceedings{w-hlfac-02,
  author      = {Ron Wein},
  title       = {High-Level Filtering for Arrangements of Conic Arcs},
  booktitle   = proc # {$10^{th}$} # annual # SYM-ESA,
  publisher   = PUB-SV,
  series      = SER-LNCS,
  volume      = {2461},
  pages       = {884--895},
  year        = {2002},
}

@inproceedings{w-hlfca-02,
  author      = {Ron Wein},
  title       = {High-Level Filtering for Arrangements of Conic Arcs},
  booktitle   = proc # {$10^{th}$} # annual # SYM-ESA,
  series      = SER-LNCS,
  volume      = {2461},
  year        = {2002},
  pages       = {884--895}
}

@unpublished{w_ms,
  author      = {Christophe Weibel},
  title       = {Minkowski Sums},
  note        = {\url{http://roso.epfl.ch/cw/poly/public.php}}
}

@misc{web3d-home,
  title       = {The \textsc{web3D} homepage},
  note        = {\url{http://www.web3d.org}}
}

@inproceedings{wfzh-aptac-05,
  author      = {Ron Wein and Efi Fogel and Baruch Zukerman and Dan Halperin},
  title       = {Advanced Programming Techniques Applied to \textsc{Cgal}'s
                 Arrangement Package},
  booktitle   = {$1^{st}$ } # WOR-LCSD,
  nickname    = {LCSD'06},
  site        = {San Diego, California},
  year        = {2005},
  note        = {\url{http://lcsd05.cs.tamu.edu/\#program}}
}

@article{wfzh-aptac-07,
  author      = {Ron Wein and Efi Fogel and Baruch Zukerman and Dan Halperin},
  title       = {Advanced Programming Techniques Applied to {C}{\sc gal}'s
                 Arrangement Package},
  journal     = JOUR-CGTA,
  publisher   = PUB-ELSEVIER,
  volume      = {38},
  number      = {1--2},
  year        = {2007},
  pages       = {37--63},
  note        = {Special issue on {C}{\sc gal}},
}

@inproceedings{wieh-cpvmm-04,
  title       = {Continuous Path Verification in Multi-Axis {NC}-Machining},
  author      = {Ron Wein and Oleg Ilushin and Gershon Elber and Dan Halperin},
  booktitle   = proc # {$20^{th}$} # annual # SYM-ACM-SCG,
  publisher   = PUB-ACM,
  year        = {2004},
  pages       = {86--95}
}

@incollection{y-rgc-04,
  author      = {Chee K. Yap},
  title       = {Robust Geomtric Computation},
  chapter     = {41},
  editor      = {Jacob E. Goodman and Joseph O'Rourke},
  booktitle   = BOOK-HDCG,
  edition     = {2nd},
  publisher   = PUB-CHAP,
  address     = {Boca Raton, FL},
  year        = {2004},
  pages       = {927--952}
}

@book{z-fuafc-75,
  author      = {T. Zaslavsky},
  title       = {Facing up to Arrangements: Face-Count Formulas for
                 Partitions of Space by Hyperplanes},
  series      = SER-MAMS,
  volume      = {154},
  publisher   = PUB-AMS,
  address     = {Providence, RI},
  year        = {1975},
  isbn        = {0-8218-1854-6}
}

@inproceedings{zo-iesep-05,
  author      = {Martin Odersky and Matthias Zenger},
  title       = {Independently Extensible Solutions to the Expression Problem},
  booktitle   = {$12^{th}$ } # WOR-FOOL,
  year        = {2005},
  site        = {Long Beach, California},
  note        = {\url{http://homepages.inf.ed.ac.uk/wadler/fool}}
}
